@book{beard2012small,
  title={Small unmanned aircraft: Theory and practice},
  author={Beard, Randal W and McLain, Timothy W},
  year={2012},
  publisher={Princeton university press}
}